@article{steif2011mini,
  title={A mini course on percolation theory},
  author={Steif, Jeffrey E},
  journal={Jyv{\"a}skyl{\"a} lectures in mathematics},
  number={3},
  year={2011},
  publisher={University of Jyv{\"a}skyl{\"a}, Department of Mathematics and Statistics}
}